<marc:collection xmlns:marc="http://www.loc.gov/MARC21/slim" xmlns:xsi="http://www.w3.org/2001/XMLSchema-instance" xsi:schemaLocation="http://www.loc.gov/MARC21/slim http://www.loc.gov/standards/marcxml/schema/MARC21slim.xsd">
<marc:record>
<marc:leader>01538nam a2200397 a 4500</marc:leader>
<marc:controlfield tag="001">9780814415467</marc:controlfield>
<marc:controlfield tag="003">OCoLC</marc:controlfield>
<marc:controlfield tag="005">20200404234619.1</marc:controlfield>
<marc:controlfield tag="006">m     o  d        </marc:controlfield>
<marc:controlfield tag="007">cr zn|||||||||</marc:controlfield>
<marc:controlfield tag="008">110609s2009    enka    ob    001 0 eng d</marc:controlfield>
<marc:datafield tag="019" ind1=" " ind2=" ">
    <marc:subfield code="a">765144159</marc:subfield>
    <marc:subfield code="a">961649869</marc:subfield>
    <marc:subfield code="a">962617255</marc:subfield>
</marc:datafield>
<marc:datafield tag="020" ind1=" " ind2=" ">
    <marc:subfield code="a">9780814415467</marc:subfield>
</marc:datafield>
<marc:datafield tag="020" ind1=" " ind2=" ">
    <marc:subfield code="z">9781801073141 (pbk.)</marc:subfield>
    <marc:subfield code="q">electronic publication</marc:subfield>
</marc:datafield>
<marc:datafield tag="020" ind1=" " ind2=" ">
    <marc:subfield code="a">9780814415474</marc:subfield>
    <marc:subfield code="q">(electronic bk. ;</marc:subfield>
    <marc:subfield code="q">oBook)</marc:subfield>
</marc:datafield>
<marc:datafield tag="035" ind1=" " ind2=" ">
    <marc:subfield code="a">(OCoLC)9780814415467</marc:subfield>
    <marc:subfield code="z">(OCoLC)765144159</marc:subfield>
</marc:datafield>
<marc:datafield tag="040" ind1=" " ind2=" ">
    <marc:subfield code="a">CtWfDGI</marc:subfield>
    <marc:subfield code="b">eng</marc:subfield>
    <marc:subfield code="e">pn</marc:subfield>
    <marc:subfield code="c">STF</marc:subfield>
</marc:datafield>
<marc:datafield tag="041" ind1="0" ind2=" ">
    <marc:subfield code="a">eng</marc:subfield>
</marc:datafield>
<marc:datafield tag="041" ind1="0" ind2=" ">
    <marc:subfield code="a">ita</marc:subfield>
</marc:datafield>
<marc:datafield tag="050" ind1=" " ind2="4">
    <marc:subfield code="a">HD69.P75</marc:subfield>
    <marc:subfield code="b">M868 2009eb</marc:subfield>
</marc:datafield>
<marc:datafield tag="050" ind1="1" ind2="4">
    <marc:subfield code="a">HD69.P86</marc:subfield>
</marc:datafield>
<marc:datafield tag="082" ind1="0" ind2="4">
    <marc:subfield code="a">658.4/04</marc:subfield>
    <marc:subfield code="2">22</marc:subfield>
</marc:datafield>
<marc:datafield tag="100" ind1="1" ind2=" ">
    <marc:subfield code="a">Falcone, Paul,</marc:subfield>
    <marc:subfield code="e">author.</marc:subfield>
</marc:datafield>
<marc:datafield tag="100" ind1="1" ind2=" ">
    <marc:subfield code="a">Murray, Andy.</marc:subfield>
</marc:datafield>
<marc:datafield tag="245" ind1="1" ind2="0">
    <marc:subfield code="a">101 Sample Write-Ups for Documenting Employee Performance Problems: </marc:subfield>
    <marc:subfield code="b">A Guide to Progressive Discipline and Termination</marc:subfield>
    <marc:subfield code="h">[electronic resource] /</marc:subfield>
    <marc:subfield code="c">Falcone, Paul.</marc:subfield>
</marc:datafield>
<marc:datafield tag="250" ind1=" " ind2=" ">
    <marc:subfield code="a">2nd edition</marc:subfield>
</marc:datafield>
<marc:datafield tag="260" ind1=" " ind2=" ">
    <marc:subfield code="a">London :</marc:subfield>
    <marc:subfield code="b">TSO (The Stationary Office),</marc:subfield>
    <marc:subfield code="c">2009.</marc:subfield>
</marc:datafield>
<marc:datafield tag="300" ind1=" " ind2=" ">
    <marc:subfield code="a">1 online resource (399 pages)</marc:subfield>
</marc:datafield>
<marc:datafield tag="336" ind1=" " ind2=" ">
    <marc:subfield code="a">text</marc:subfield>
    <marc:subfield code="b">txt</marc:subfield>
    <marc:subfield code="2">rdacontent</marc:subfield>
</marc:datafield>
<marc:datafield tag="337" ind1=" " ind2=" ">
    <marc:subfield code="a">computer</marc:subfield>
    <marc:subfield code="b">c</marc:subfield>
    <marc:subfield code="2">rdamedia</marc:subfield>
</marc:datafield>
<marc:datafield tag="338" ind1=" " ind2=" ">
    <marc:subfield code="a">online resource</marc:subfield>
    <marc:subfield code="b">cr</marc:subfield>
    <marc:subfield code="2">rdacarrier</marc:subfield>
</marc:datafield>
<marc:datafield tag="347" ind1=" " ind2=" ">
    <marc:subfield code="a">text file</marc:subfield>
</marc:datafield>
<marc:datafield tag="365" ind1=" " ind2=" ">
    <marc:subfield code="b">35.00</marc:subfield>
</marc:datafield>
<marc:datafield tag="490" ind1="1" ind2=" ">
    <marc:subfield code="a">--For dummies</marc:subfield>
    <marc:subfield code="v">1</marc:subfield>
</marc:datafield>
<marc:datafield tag="520" ind1=" " ind2=" ">
    <marc:subfield code="a">A complete tool kit for handling disciplinary problems in a fair, responsible, and legally defensible way.</marc:subfield>
</marc:datafield>
<marc:datafield tag="533" ind1=" " ind2=" ">
    <marc:subfield code="a">Electronic reproduction.</marc:subfield>
    <marc:subfield code="b">Boston, MA :</marc:subfield>
    <marc:subfield code="c">Safari,</marc:subfield>
    <marc:subfield code="n">Available via World Wide Web.</marc:subfield>
    <marc:subfield code="d">2010.</marc:subfield>
</marc:datafield>
<marc:datafield tag="538" ind1=" " ind2=" ">
    <marc:subfield code="a">Mode of access: World Wide Web.</marc:subfield>
</marc:datafield>
<marc:datafield tag="542" ind1=" " ind2=" ">
    <marc:subfield code="g">2010</marc:subfield>
</marc:datafield>
<marc:datafield tag="550" ind1=" " ind2=" ">
    <marc:subfield code="a">Made available through: Safari, an O'Reilly Media Company.</marc:subfield>
</marc:datafield>
<marc:datafield tag="588" ind1="0" ind2="#">
    <marc:subfield code="a">Online resource; Title from title page (viewed March 31, 2010)</marc:subfield>
</marc:datafield>
<marc:datafield tag="650" ind1=" " ind2="0">
    <marc:subfield code="a">Project management.</marc:subfield>
</marc:datafield>
<marc:datafield tag="650" ind1=" " ind2="6">
    <marc:subfield code="a">Gestion de projet.</marc:subfield>
</marc:datafield>
<marc:datafield tag="650" ind1=" " ind2="7">
    <marc:subfield code="a">Project other.</marc:subfield>
    <marc:subfield code="2">fast</marc:subfield>
    <marc:subfield code="0">(OCoLC)fst01078797</marc:subfield>
</marc:datafield>
<marc:datafield tag="655" ind1=" " ind2="7">
    <marc:subfield code="a">Electronic books.</marc:subfield>
    <marc:subfield code="2">local</marc:subfield>
</marc:datafield>
<marc:datafield tag="700" ind1="1" ind2=" ">
    <marc:subfield code="a">Bennett, Nigel.</marc:subfield>
    <marc:subfield code="4">aut</marc:subfield>
</marc:datafield>
<marc:datafield tag="710" ind1="2" ind2=" ">
    <marc:subfield code="a">Safari, an O'Reilly Media Company.</marc:subfield>
</marc:datafield>
<marc:datafield tag="856" ind1="4" ind2="0">
    <marc:subfield code="z">Connect to this resource online</marc:subfield>
    <marc:subfield code="u">https://learning.oreilly.com/library/view/-/9780814415467/?ar</marc:subfield>
</marc:datafield>
</marc:record>
</marc:collection>
